@online{internetlivestats,
  author = {Internet Live Stats},
  title = {Internet Users},
  year = 2016,
  url = {http://www.internetlivestats.com/internet-users},
  urldate = {2016-01-06}
}

@online{cisco,
  author = {Cisco},
  title = {Visual Networking Index (VNI)},
  year = 2016,
  url = {http://www.cisco.com/c/en/us/solutions/service-provider/visual-networking-index-vni/index.html#~complete-forecast},
  urldate = {2016-01-06}
}

@online{computerworld,
  author = {Lee Copeland},
  title = {TCP/IP},
  year = 2016,
  url = {http://www.computerworld.com/article/2593612/networking/tcp-ip.html},
  urldate = {2016-01-06}
}

@online{google,
  author = {Google},
  title = {IPv6 Adoption Statistics},
  year = 2016,
  url = {http://www.google.com/intl/en/ipv6/statistics.html#tab=ipv6-adoption&tab=ipv6-adoption},
  urldate = {2016-01-07}
}

@article{DBLP:journals/corr/QadirAYSC15,
  author    = {Junaid Qadir and
               Anwaar Ali and
               Kok{-}Lim Alvin Yau and
               Arjuna Sathiaseelan and
               Jon Crowcroft},
  title     = {Exploiting the power of multiplicity: a holistic survey of network-layer
               multipath},
  journal   = {CoRR},
  volume    = {abs/1502.02111},
  year      = {2015},
  url       = {http://arxiv.org/abs/1502.02111},
  timestamp = {Mon, 02 Mar 2015 14:17:34 +0100},
  biburl    = {http://dblp.uni-trier.de/rec/bib/journals/corr/QadirAYSC15},
  bibsource = {dblp computer science bibliography, http://dblp.org}
}

@online{Yuchung,
  author = {Yuchung Cheng},
  title = {Let's make TCP faster},
  year = 2012,
  url = {http://googledevelopers.blogspot.de/2012/01/let-make-tcp-faster.html},
  urldate = {2016-01-07}
}

@online{thenetworkway,
  author = {Nir Yechiel},
  title = {An Overview of Link Aggregation and LACP},
  year = 2015,
  url = {https://thenetworkway.wordpress.com/2015/05/01/an-overview-of-link-aggregation-and-lacp},
  urldate = {2016-00-15}
}

@online{ipspace,
  author = {Ivan Pepelnjak},
  title = {What went wrong: SCTP},
  year = 2009,
  url = {http://blog.ipspace.net/2009/08/what-went-wrong-sctp.html},
  urldate = {2016-00-15}
}
